<?xml version="1.0" encoding="UTF-8"?><collection xmlns="http://www.loc.gov/MARC21/slim"><record><leader>00624nam--2200205-u-4500</leader><controlfield tag="001">000053077</controlfield><controlfield tag="002">20161230</controlfield><controlfield tag="005">20161230201050</controlfield><controlfield tag="008">110105s1000------------r-----000-0-eng-d</controlfield><datafield ind1=" " ind2=" " tag="020"><subfield code="a">3540333894</subfield></datafield><datafield ind1=" " ind2=" " tag="040"><subfield code="a">IFIN-HH</subfield></datafield><datafield ind1=" " ind2=" " tag="080"><subfield code="a">(544.015:001.2):53.06</subfield></datafield><datafield ind1="1" ind2=" " tag="100"><subfield code="a">Papon, P</subfield></datafield><datafield ind1="1" ind2="0" tag="245"><subfield code="a">The physics of phase transitions</subfield><subfield code="b">Concepts and applications. translated from the french by s.l. schnur</subfield><subfield code="c">P. papon; j. lebond; p.h.e meijer</subfield></datafield><datafield ind1=" " ind2=" " tag="250"><subfield code="a">Second Revised Edition</subfield></datafield><datafield ind1=" " ind2=" " tag="260"><subfield code="a">HEIDELBERG</subfield><subfield code="b">Springer Verlag</subfield><subfield code="c">2006</subfield></datafield><datafield ind1=" " ind2=" " tag="300"><subfield code="a">409P</subfield></datafield><datafield ind1="1" ind2=" " tag="700"><subfield code="a">Meijer, P.H.E</subfield></datafield><datafield ind1=" " ind2=" " tag="852"><subfield code="a">82192</subfield><subfield code="c">001.2</subfield></datafield><datafield ind1=" " ind2=" " tag="CAT"><subfield code="a">Sys</subfield><subfield code="c">20110105</subfield><subfield code="h">095153</subfield></datafield></record></collection>